@book{exemplo3,
 author = {Marco Sá},
 title = {Introduction to TCCs},
 year = {2015},
 isbn = {99999999999},
 edition = {2nd},
 publisher = {UNEB Press},
 address = {Salvador, BA, Brazil},
}

@inproceedings{exemplo1,
  title={Título do Artigo 1},
  author={João Silva and Maria Santos and José Costa and Carla Maria},
  booktitle={Conferência Internacional de TCCs, Proceedings of},
  pages={122--152},
  year={2017},
  organization={UNEB}
}

@article{exemplo2,
  title={Título do Artigo 2},
  author={João Santos and Maria Silva},
  journal={Journal of TCCs},
  volume={35},
  number={2},
  pages={36--78},
  year={2018},
  publisher={EDUNEB}
}

