@ARTICLE {Laranjeira2015,
    TITLE = { Uma Abordagem Multiagentes para Sistema Defensivo em um Time de Futebol de Robôs Bípedes },
    AUTHOR = { Camila Laranjeira and Alan Soares and Emmanuel Argollo and Diego Frias and Marco A C Simões and Josemar Rodrigues de Souza },
    JOURNAL = { Revista de Sistemas e Computação - RSC },
    YEAR = { 2015 },
    MONTH = { jan--jun },
    PUBDATE = { 201508 },
    NUMBER = { 1 },
    PAGES = { 38--49 },
    VOLUME = { 5 },
    KEYWORDS = { Futebol de robôs; Inteligência artificial; Sistemas multiagente; Cooperação },
    OWNER = { MarcoSimoes },
    PDF = { RSC-defesa3D-2015.pdf },
    TIMESTAMP = { 2015.08.17 },
    URL = { http://www.revistas.unifacs.br/index.php/rsc/article/view/3644/2639 },
}
@book{breiman2017classification,
  title={Classification and regression trees},
  author={Breiman, Leo},
  year={2017},
  isbn={978-1-351-46048-4},
  address = {Boca Raton, FL, USA},
  publisher={CRC Press}
}

@INPROCEEDINGS { SimoesEtAl2016-BRAHUR,
    AUTHOR = { Marco A. C. Simoes and Josemar Rodrigues de Souza and Diego Frias and Camila Laranjeira and Claudia Elizabete Reis and Emmanuel Argollo and Sergio Souza Jr },
    TITLE = { Robôs Humanoides em Ambiente de Simulação 3D: a experiência do ACSO },
    BOOKTITLE = { Brazilian Humanoid Robot Workshop (BRAHUR) },
    YEAR = { 2016 },
    ADDRESS = { São Bernardo do Campo, Brazil },
    MONTH = { February },
    URL = { http://fei.edu.br/brahur2016/trab.html },
}